<?xml version="1.0" encoding="UTF-8"?>
<collection xmlns:xsi="http://www.w3.org/2001/XMLSchema-instance" xsi:schemaLocation="http://www.loc.gov/MARC21/slim http://www.loc.gov/standards/marcxml/schema/MARC21slim.xsd" xmlns="http://www.loc.gov/MARC21/slim">
<record>
  <leader>01079nam a2200265 a 4500</leader>
  <controlfield tag="001">3076648</controlfield>
  <controlfield tag="003">NNC</controlfield>
  <controlfield tag="005">20030429142358.0</controlfield>
  <controlfield tag="008">900208s1950    ua            000 0 ara d</controlfield>
  <datafield tag="035" ind1=" " ind2=" ">
    <subfield code="a">(OCoLC)ocm21022241</subfield>
  </datafield>
  <datafield tag="035" ind1=" " ind2=" ">
    <subfield code="9">ATQ0256CU</subfield>
  </datafield>
  <datafield tag="040" ind1=" " ind2=" ">
    <subfield code="a">DRP</subfield>
    <subfield code="c">DRP</subfield>
    <subfield code="d">ZCU</subfield>
  </datafield>
  <datafield tag="099" ind1=" " ind2=" ">
    <subfield code="a">893.791</subfield>
    <subfield code="a">J9893</subfield>
  </datafield>
  <datafield tag="100" ind1="1" ind2=" ">
    <subfield code="a">Imām al-Ḥaramayn al-Juwaynī, ʻAbd al-Malik ibn ʻAbd Allāh,</subfield>
    <subfield code="d">1028-1085.</subfield>
  </datafield>
  <datafield tag="240" ind1="1" ind2="0">
    <subfield code="a">Irshād</subfield>
  </datafield>
  <datafield tag="245" ind1="1" ind2="0">
    <subfield code="a">Kitāb al-irshād ilá qawāṭiʻ al-adillah fī uṣūl al-iʻtiqād /</subfield>
    <subfield code="c">li-Imām al-Ḥaramayn al-Jūwaynī ; ḥaqqaqah wa-ʻallaqa ʻalayh wa-qaddama lah wa-fahrasah Muḥammad Yūsuf Mūsá, ʻAlī ʻAbd al-Munʻim ʻAbd al-Ḥamīd.</subfield>
  </datafield>
  <datafield tag="260" ind1=" " ind2=" ">
    <subfield code="a">Miṣr :</subfield>
    <subfield code="b">Maktabat al-Khānjī,</subfield>
    <subfield code="c">1950</subfield>
  </datafield>
  <datafield tag="300" ind1=" " ind2=" ">
    <subfield code="a">19, 458 p. ;</subfield>
    <subfield code="c">24 cm.</subfield>
  </datafield>
  <datafield tag="500" ind1=" " ind2=" ">
    <subfield code="a">At head of title: Jamāʻat al-Azhar lil-Nashr wa-al-Taʾlīf.</subfield>
  </datafield>
  <datafield tag="504" ind1=" " ind2=" ">
    <subfield code="a">Includes bibliographical references.</subfield>
  </datafield>
  <datafield tag="650" ind1=" " ind2="0">
    <subfield code="a">Islam.</subfield>
  </datafield>
  <datafield tag="700" ind1="1" ind2=" ">
    <subfield code="a">Mūsá, Muḥammad Yūsuf.</subfield>
  </datafield>
  <datafield tag="700" ind1="1" ind2=" ">
    <subfield code="a">Kabīr, ʻAlī ʻAbd al-Munʻim ʻAbd al-Ḥamīd.</subfield>
  </datafield>
  <datafield tag="740" ind1="0" ind2="1">
    <subfield code="a">Irshād.</subfield>
  </datafield>
  <datafield tag="955" ind1=" " ind2=" ">
    <subfield code="b">0113138812</subfield>
    <subfield code="d">glx</subfield>
    <subfield code="e">893.791 J9893</subfield>
  </datafield>
</record>
</collection>